@misc{ai-wikipedia,
  author={Wikipedia},
  title={Künstliche Intelligenz},
  url={https://de.wikipedia.org/wiki/K%C3%BCnstliche_Intelligenz},
  urldate={2023-04-20},
  year={2023}
}

@book{example,
  title={The Title of the Book},
  author={The Author},
  publisher={The Publisher},
  year={2017},
}

@online{
    author = { Julia Dusold},
    title = {Künstliche Intelligenz - verständlich erklärt    },
    url = {https://www.produktion.de/technik/zukunftstechnologien/kuenstliche-intelligenz/kuenstliche-intelligenz-verstaendlich-erklaert-243.html#wie-funktioniert-kuenstliche-intelligenz},
    urldate = {31.05},
    year = {2024},
  }

  @online{
    author = {Europarl},
    title = {Was ist künstliche Intelligenz und wie wird sie genutzt?},
    url = {https://www.europarl.europa.eu/topics/de/article/20200827STO85804/was-ist-kunstliche-intelligenz-und-wie-wird-sie-genutzt},
    urldate = {31.05},
    year = {2024},
  }

  @online{
    author = {Digitalzentrum},
    title = {Was ist Künstliche Intelligenz? KI einfach erklärt
    },
    url = {https://digitalzentrum-augsburg.de/kuenstliche-intelligenz-einfach-erklaert/},
    urldate = {31.05},
    year = {2024},
  }
  @online{
    author = {},
    title = {},
    url = {https://datasolut.com/anwendungsgebiete-von-kuenstlicher-intelligenz/},
    urldate = {},
    year = {},
  }
   @online{
    author = {datasolut},
    title = {Was ist Deep learning},
    url = {https://datasolut.com/was-ist-deep-learning/},
    urldate = {31.05},
    year = {2024},
  } @online{
    author = {datasolut},
    title = {Anwendungsgebiete von Künstlicher Intelligenz},
    url = {https://datasolut.com/anwendungsgebiete-von-kuenstlicher-intelligenz/},
    urldate = {31.05},
    year = {2024},
  }

